@online{eva_video,
	title = {Opdracht Projecten 3},
	author = {EVA},
	url = {https://www.youtube.com/watch?v=D6S3MS4Xh6c},
	date = {2017}
}

@online{dashboard,
	title = {Beheerderskant},
	author = {Dashboard},
	url = {https://evabeheer.herokuapp.com/},
	date = {2017}
}